@techreport{waitzman1990standard,
  title={Standard for the transmission of IP datagrams on avian carriers},
  author={Waitzman, David},
  year={1990}
}

@article{art:rif.1,
  title={LoRa technology brings new breakthrough to IoT applications of LPWAN},
  author={Andrew Bickley},
  year={13 Dec 2016},
  journal={arrow.com}
}

@article{art:rif.2,
  title={Microchipâ€™s Long-Range Low-Power End Node Solution},
  journal={microchip.com}
}

@article{art:rif.3,
  title={Architettura di rete e sensori LoRa},
  journal={tiot.it}
}

@article{art:rif.4,
  title={Quale futuro e presente IoT},
  journal={techeconomy.it}
}


@article{art:rif.5,
  title={connettivita wireless e LoRa delle reti LPWan},
  journal={elettronicanews.it}
}

@article{art:rif.6,
  title={LoRWAN},
  journal={loriot.io}
}
